@book{thorborg,
  author    = {Steen {Thorborg}},
  title     = {Projektstyring},
  publisher = {Gyldendal},
  year      = 2013,
  isbn13    = {9788741256245},
  edition   = {second}
}

@book{dahl,
  author    = {Anders {Dahl} and Trine {Dich} and Tina {Hansen} and Vagn {Olsen}},
  title     = {Styrk projektarbejdet},
  publisher = {Biofolia},
  year      = 2010,
  isbn13    = {9788791319501},
  edition   = {second}
}

@book{olsen+pedersen,
  author    = {Poul Bitsch {Olsen} and Kaare {Olsen}},
  title     = {Problemorienteret projektarbejde},
  publisher = {Samfundslitteratur},
  year      = 2018,
  isbn13    = {9788759331972},
  edition   = {fifth}
}

@book{osterwalder,
  author    = {Alexander {Osterwalder} and Yves {Pigneur} and Gregory {Bernarda} and Alan {Smith} and Trish {Papadakos}},
  title     = {Value Proposition Design: How to Create Products and Services Customers Want},
  publisher = {John Wiley \& Sons P\&T},
  year      = 2014,
  isbn13    = {9781118968079},
  edition   = {first}
}

@book{stickdorn,
  author    = {Marc {Stickdorn} and Jakob {Schneider}},
  title     = {This is Service Design Thinking: Basics, Tools, Cases },
  publisher = {JWiley},
  year      = 2012,
  isbn13    = {9781118156308},
  edition   = {first}
}

@techreport{ens.dk,
  author = {Energistyrelsen},
  title  = {ENERGISTATISTIK 2012},
  institution = {Energistyrelsen},
  year   = 2013,
  isbn13 = {9788793071391}
}

@article{gronhoj,
  author  = {Alice {Grønhøj} and John {Thøgersen}},
  title   = {Like father, like son? Intergenerational transmission of values, attitudes, and behaviours in the environmental domain},
  year    = 2009,
  volume  = 29,
  journal = {Journal of Environmental Psychology},
  pages   = {414-421},
  number  = 4
}

@online{sawux,
  author  = {saWux},
  title   = {saWux},
  year    = 2020,
  url     = {https://www.sawux.com},
  urldate = {2020-10-15}
}

@book{finkelstein,
  author    = {Leo {Finkelstein}},
  edition   = {third},
  title     = {Technical Writing for Engineers \& Scientists},
  publisher = {McGraw-Hill Education},
  year      = {2007}
}

@book{heer,
  author    = {Jeffrey {Heer} and Michael {Bostock} and Vadim {Ogievetsky}},
  title     = {A Tour through the Visualization Zoo},
  url       = {http://doi.acm.org/10.1145/1794514.1805128},
  year      = {2010},
  edition   = {eigth},
  journal   = {ACM Queue},
  publisher = {Association for Computing Machinery}
} 

@masterthesis{jensen,
  author  = {Paul A. {Jensen}},
  title   = {Energistyring i enfamilie boliger},
  school  = {Aalborg universitet},
  year    = {2015}
}

@techreport{klimaindsats,
    author = {Advice},
    title = {DANSKE VIRKSOMHEDERS KLIMAINDSATS},
    year = 2020,
    institution = {Arla Foods og Global Compact Network Denmark},
    url = {https://globalcompact.dk/wp-content/uploads/2020/04/Danske-virksomheders-klimaindsats.pdf}
}

@unpublished{virksomhedspresentation,
    author = {saWux},
    year = 2020,
    title = {saWux og ITU},
    school = {IT University of Copenhagen},
    howpublished = {PowerPoint præsentation},
    note = {PowerPoint præsentation holdt på ITU af saWux teamet.}
}

@article{energiwatch,
    author = {Elisabeth {Astrup}},
    year = 2018,
    title = {Klimabevidsthed er hip blandt unge. På få år har de rykket sig markant},
    journal = {Politiken},
    url = {https://energiwatch.dk/Energinyt/Politik\_\_\_Markeder/article10827312.ece}
}

@article{herrmann,
  author  = {Melanie R. {Herrmann} and Duncan P. {Brumby} and Tadj {Oreszczyn} and Xavier M. P. {Gilbert}},
  title   = {Does data visualization affect users’ understanding of electricity consumption?},
  year    = 2017,
  volume  = 46,
  journal = {Building Research \& Information},
  pages   = {283-250},
  number  = 3
}

@article{stacey,
  author  = {Julia Rolsted {Stacey}},
  title   = {Unge kopierer forældres miljøbevidsthed},
  year    = 2013,
  journal = {Aarhus Universitet},
}